<record><leader>03220nam a2200373 i 4500</leader><controlfield tag="001">6786169</controlfield><controlfield tag="003">FlBoTFG</controlfield><controlfield tag="005">20150115163111.0</controlfield><controlfield tag="006">m|||||o||d||||||||</controlfield><controlfield tag="007">cr||||</controlfield><controlfield tag="008">150115t20152015fluad   ob    001 0 eng d</controlfield><datafield ind1=" " ind2=" " tag="020"><subfield code="a">9781439815779 (e-book : PDF)</subfield></datafield><datafield ind1=" " ind2=" " tag="035"><subfield code="a">ocn899003699</subfield></datafield><datafield ind1=" " ind2=" " tag="039"><subfield code="a">exclude</subfield></datafield><datafield ind1=" " ind2=" " tag="040"><subfield code="a">FlBoTFG</subfield><subfield code="b">eng</subfield><subfield code="e">rda</subfield><subfield code="c">FlBoTFG</subfield><subfield code="d">AEU</subfield></datafield><datafield ind1=" " ind2="4" tag="050"><subfield code="a">GN69.8</subfield><subfield code="b">.B56 2015</subfield></datafield><datafield ind1=" " ind2=" " tag="090"><subfield code="a">Internet Access</subfield><subfield code="b">AEU</subfield></datafield><datafield ind1="0" ind2="0" tag="245"><subfield code="a">Biological affinity in forensic indentification of human skeletal remains :</subfield><subfield code="b">beyond black and white /</subfield><subfield code="c">edited by Gregory E. Berg, Sabrina C. Ta'ala.</subfield></datafield><datafield ind1=" " ind2="1" tag="264"><subfield code="a">Boca Raton, FL :</subfield><subfield code="b">CRC Press :</subfield><subfield code="b">Taylor &amp; Francis Group,</subfield><subfield code="c">2015.</subfield></datafield><datafield ind1=" " ind2="4" tag="264"><subfield code="c">&#169;2015</subfield></datafield><datafield ind1=" " ind2=" " tag="300"><subfield code="a">1 online resource.</subfield></datafield><datafield ind1=" " ind2=" " tag="336"><subfield code="a">text</subfield><subfield code="2">rdacontent</subfield></datafield><datafield ind1=" " ind2=" " tag="337"><subfield code="a">computer</subfield><subfield code="2">rdamedia</subfield></datafield><datafield ind1=" " ind2=" " tag="338"><subfield code="a">online resource</subfield><subfield code="2">rdacarrier</subfield></datafield><datafield ind1=" " ind2=" " tag="504"><subfield code="a">Includes bibliographical references and index.</subfield></datafield><datafield ind1="0" ind2=" " tag="505"><subfield code="a">A brief history of the race concept in physical anthropology / Sabrina C. Ta'ala -- Biological affinity in medicolegal, public, and anthropological contexts / Gregory E. Berg and Sabrina C. Ta'ala -- Cranial morphoscopic traits, and the assessment of American Black, American White, and Hispanic ancestry / Joseph T. Hefner -- Biological affinity and sex from the mandible utilizing multiple world populations / Gregory E. Berg -- Metric ancesty estimation from the postcranial skeleton / Katherine Spradley -- The sagittal suture as an indicator of race and sex / Robert W. Mann, Jiro Manabe, John E. Byrd, Stephanie Ah Sam, Thomas D. Holland, and Panya Tuamsuk -- Beyond the cranium : ancestry estimation from the lower limb / Natalie R. Shirley, Emam Elhak Abdel Fatah, and Mohamed Mafouz -- Population affinities of Hispanic crania : implications for forensic identification / Ann H. Ross, Dennis E. Slice, and Douglas H. Ubelaker -- Dental nonmetric variation around the world : using key traits in populations to estimate ancestry in individuals / Joel D. Irish -- Dental morphological estimation of ancestry in forensic contexts / Heather J.H. Edgar -- Size matters : discrimination between American Blacks and Whites, males and females, using tooth crown dimensions / Edward F. Harris and Candice L. Foster -- Linking identity with landscape : osteological and Sr-Pb isotopic methods for biogeoreference / Erin H. Kimmerle and George D. Kamenov -- The usee of DNA in the identification of degraded human skeletal remains : a basic primer / Suni M. Edson and Alexander F. Christensen -- Identification of deceased unauthorized border crossers in the United States / Lori E. Baker -- Sequence, haplotype, and ancestry : using the mitochondrial DNA hypervariable region to predict forensic "race" / Alexander F. Christensen.</subfield></datafield><datafield ind1=" " ind2=" " tag="506"><subfield code="a">Access restricted to authorized users and institutions.</subfield></datafield><datafield ind1=" " ind2=" " tag="596"><subfield code="a">44</subfield></datafield><datafield ind1=" " ind2="0" tag="650"><subfield code="a">Forensic anthropology.</subfield></datafield><datafield ind1="1" ind2=" " tag="700"><subfield code="a">Berg, Gregory E.,</subfield><subfield code="e">editor.</subfield></datafield><datafield ind1="1" ind2=" " tag="700"><subfield code="a">Ta'ala, Sabrina C.,</subfield><subfield code="e">editor.</subfield></datafield><datafield ind1="4" ind2="0" tag="856"><subfield code="3">University of Alberta Access</subfield><subfield code="u">http://marc.crcnetbase.com/isbn/9781439815779</subfield><subfield code="z">(Unlimited Concurrent Users)</subfield></datafield><datafield ind1=" " ind2=" " tag="949"><subfield code="h">UAIN</subfield><subfield code="z">CRC</subfield></datafield><datafield ind1=" " ind2=" " tag="926"><subfield code="a">Internet Access</subfield><subfield code="w">LC</subfield><subfield code="c">1</subfield><subfield code="i">6786169-1001</subfield><subfield code="l">INTERNET</subfield><subfield code="m">UAINTERNET</subfield><subfield code="r">Y</subfield><subfield code="s">Y</subfield><subfield code="t">E-RESOURCE</subfield><subfield code="u">1/20/2015</subfield><subfield code="x">E-BOOK</subfield><subfield code="z">CRC</subfield></datafield></record>